@misc{TP-toolbox-web,
   author = {Baranyi, PÃ©ter},
   title = {TP Toolbox},
   howpublished = {\url{http://www.tp-ontrol.hu/index.php/TP_Toolbox}}
}